<?xml version="1.0" encoding="UTF-8"?><collection xmlns="http://www.loc.gov/MARC21/slim"><record><leader>00495nam--2200193-i-4500</leader><controlfield tag="001">000025044</controlfield><controlfield tag="002">20161230</controlfield><controlfield tag="005">20161230201035</controlfield><controlfield tag="008">060222s1000------------r-----000-0-rum-d</controlfield><datafield ind1=" " ind2=" " tag="040"><subfield code="a">IFIN-HH</subfield></datafield><datafield ind1=" " ind2=" " tag="041"><subfield code="a">rum</subfield></datafield><datafield ind1=" " ind2=" " tag="080"><subfield code="a">533.275:696.2</subfield></datafield><datafield ind1="1" ind2=" " tag="100"><subfield code="a">Grigorescu, Dan</subfield></datafield><datafield ind1="1" ind2="0" tag="245"><subfield code="a">Deshidratarea gazelor naturale</subfield><subfield code="c">Dan grigorescu, matei iung</subfield></datafield><datafield ind1=" " ind2=" " tag="260"><subfield code="a">Bucuresti, Editura Tehnica, 1971</subfield></datafield><datafield ind1=" " ind2=" " tag="300"><subfield code="a">237P</subfield></datafield><datafield ind1="1" ind2=" " tag="700"><subfield code="a">Iung, Matei</subfield></datafield><datafield ind1=" " ind2=" " tag="852"><subfield code="a">37757</subfield><subfield code="c">533.7</subfield></datafield><datafield ind1=" " ind2=" " tag="CAT"><subfield code="a">Sys</subfield><subfield code="c">20100915</subfield><subfield code="h">134521</subfield></datafield></record></collection>